{
  "leader": "03353cam a2200481 a 4500",
  "fields": [
    {
      "001": "ocm10823742\\"
    },
    {
      "003": "OCoLC"
    },
    {
      "005": "20220105155653.0"
    },
    {
      "008": "840523s1984\\\\\\\\dcu\\\\\\\\\\\\b\\\\\\\\001\\0\\eng\\\\"
    },
    {
      "010": {
        "ind1": "\\",
        "ind2": "\\",
        "subfields": [
          {
            "a": "   84010883 "
          }
        ]
      }
    },
    {
      "040": {
        "ind1": "\\",
        "ind2": "\\",
        "subfields": [
          {
            "a": "DLC"
          },
          {
            "b": "eng"
          },
          {
            "c": "DLC"
          },
          {
            "d": "EL{dollar}"
          },
          {
            "d": "LAS"
          },
          {
            "d": "BTCTA"
          },
          {
            "d": "YDXCP"
          },
          {
            "d": "AU@"
          },
          {
            "d": "NIALS"
          },
          {
            "d": "EDX"
          },
          {
            "d": "GEBAY"
          },
          {
            "d": "BDX"
          },
          {
            "d": "OCLCO"
          },
          {
            "d": "OCLCF"
          },
          {
            "d": "OCLCQ"
          },
          {
            "d": "OCLCO"
          },
          {
            "d": "UKMGB"
          },
          {
            "d": "DEBBG"
          },
          {
            "d": "OCLCQ"
          },
          {
            "d": "CSJ"
          },
          {
            "d": "OCLCO"
          },
          {
            "d": "OCLCQ"
          },
          {
            "d": "CPO"
          },
          {
            "d": "OCLCQ"
          },
          {
            "d": "DCHUA"
          },
          {
            "d": "BDP"
          },
          {
            "d": "OCLCA"
          },
          {
            "d": "ZHC"
          },
          {
            "d": "IL4J6"
          }
        ]
      }
    },
    {
      "016": {
        "ind1": "7",
        "ind2": "\\",
        "subfields": [
          {
            "a": "010394822"
          },
          {
            "2": "Uk"
          }
        ]
      }
    },
    {
      "019": {
        "ind1": "\\",
        "ind2": "\\",
        "subfields": [
          {
            "a": "1201946268"
          },
          {
            "a": "1282077194"
          }
        ]
      }
    },
    {
      "020": {
        "ind1": "\\",
        "ind2": "\\",
        "subfields": [
          {
            "a": "0882581562"
          }
        ]
      }
    },
    {
      "020": {
        "ind1": "\\",
        "ind2": "\\",
        "subfields": [
          {
            "a": "9780882581569"
          }
        ]
      }
    },
    {
      "035": {
        "ind1": "\\",
        "ind2": "\\",
        "subfields": [
          {
            "a": "(OCoLC)10823742"
          },
          {
            "z": "(OCoLC)1201946268"
          },
          {
            "z": "(OCoLC)1282077194"
          }
        ]
      }
    },
    {
      "043": {
        "ind1": "\\",
        "ind2": "\\",
        "subfields": [
          {
            "a": "n-us---"
          }
        ]
      }
    },
    {
      "050": {
        "ind1": "0",
        "ind2": "0",
        "subfields": [
          {
            "a": "JK1853"
          },
          {
            "b": ".M57 1984"
          }
        ]
      }
    },
    {
      "055": {
        "ind1": "\\",
        "ind2": "4",
        "subfields": [
          {
            "a": "JK1853 M54"
          }
        ]
      }
    },
    {
      "082": {
        "ind1": "0",
        "ind2": "4",
        "subfields": [
          {
            "a": "324.62086910973"
          },
          {
            "b": "MIN"
          }
        ]
      }
    },
    {
      "245": {
        "ind1": "0",
        "ind2": "0",
        "subfields": [
          {
            "a": "Minority vote dilution /"
          },
          {
            "c": "edited by Chandler Davidson ; under the auspices of the Joint Center for Political Studies."
          }
        ]
      }
    },
    {
      "260": {
        "ind1": "\\",
        "ind2": "\\",
        "subfields": [
          {
            "a": "Washington, D.C. :"
          },
          {
            "b": "Howard University Press,"
          },
          {
            "c": "1984."
          }
        ]
      }
    },
    {
      "300": {
        "ind1": "\\",
        "ind2": "\\",
        "subfields": [
          {
            "a": "xi, 298 pages ;"
          },
          {
            "c": "25 cm"
          }
        ]
      }
    },
    {
      "336": {
        "ind1": "\\",
        "ind2": "\\",
        "subfields": [
          {
            "a": "text"
          },
          {
            "b": "txt"
          },
          {
            "2": "rdacontent"
          }
        ]
      }
    },
    {
      "337": {
        "ind1": "\\",
        "ind2": "\\",
        "subfields": [
          {
            "a": "unmediated"
          },
          {
            "b": "n"
          },
          {
            "2": "rdamedia"
          }
        ]
      }
    },
    {
      "338": {
        "ind1": "\\",
        "ind2": "\\",
        "subfields": [
          {
            "a": "volume"
          },
          {
            "b": "nc"
          },
          {
            "2": "rdacarrier"
          }
        ]
      }
    },
    {
      "504": {
        "ind1": "\\",
        "ind2": "\\",
        "subfields": [
          {
            "a": "Includes bibliographical references and index."
          }
        ]
      }
    },
    {
      "505": {
        "ind1": "0",
        "ind2": "0",
        "subfields": [
          {
            "g": "Minority vote dilution : an overview /"
          },
          {
            "r": "Chandler Davidson --"
          },
          {
            "g": "Part I. Historical perspectives --"
          },
          {
            "t": "The undermining of the first Reconstruction : lessons for the second /"
          },
          {
            "r": "J. Morgan Kousser --"
          },
          {
            "t": "History in the courts : the significance of Bolden v. the city of Mobile /"
          },
          {
            "r": "Peyton McCrary --"
          },
          {
            "t": "At-large elections and minority group representation : a reexamination of historical and contemporary evidence /"
          },
          {
            "r": "Chandler Davidson and George Korbel --"
          },
          {
            "g": "Part II. Aspects of vote dilution today --"
          },
          {
            "t": "Racial gerrymandering and legislative reapportionment /"
          },
          {
            "r": "Frank R. Parker --"
          },
          {
            "t": "Nonpartisan slating groups in an at-large setting /"
          },
          {
            "r": "Chandler Davidson and Luis Ricardo Fraga --"
          },
          {
            "t": "Vote dilution and the Voting Rights Act amendments of 1982 /"
          },
          {
            "r": "Armand Derfner --"
          },
          {
            "g": "Part III. Remedies --"
          },
          {
            "t": "Enforcement of Section 5 of the Voting Rights Act /"
          },
          {
            "r": "Drew S. Days, III and Lani Guinier --"
          },
          {
            "t": "The view from Georgia and Mississippi : local attorneys' appraisal of the 1965 Voting Rights Act /"
          },
          {
            "r": "Howard Ball, Dale Krane, Thomas P. Lauth --"
          },
          {
            "t": "At-large elections and one person, one vote : the search for the meaning of racial vote dilution /"
          },
          {
            "r": "James Blacksher and Larry Menefee --"
          },
          {
            "t": "Alternatives to single-member districts /"
          },
          {
            "r": "Edward Still --"
          },
          {
            "g": "Part IV. Prospects --"
          },
          {
            "t": "Black electoral participation and the distribution of public benefits /"
          },
          {
            "r": "Milton D. Morris."
          }
        ]
      }
    },
    {
      "650": {
        "ind1": "\\",
        "ind2": "0",
        "subfields": [
          {
            "a": "Minorities"
          },
          {
            "x": "Suffrage"
          },
          {
            "z": "United States."
          }
        ]
      }
    },
    {
      "650": {
        "ind1": "\\",
        "ind2": "0",
        "subfields": [
          {
            "a": "Election districts"
          },
          {
            "z": "United States."
          }
        ]
      }
    },
    {
      "650": {
        "ind1": "\\",
        "ind2": "0",
        "subfields": [
          {
            "a": "Minorities"
          },
          {
            "x": "Civil rights"
          },
          {
            "z": "United States."
          }
        ]
      }
    },
    {
      "650": {
        "ind1": "\\",
        "ind2": "0",
        "subfields": [
          {
            "a": "Representative government and representation"
          },
          {
            "z": "United States."
          }
        ]
      }
    },
    {
      "650": {
        "ind1": "\\",
        "ind2": "7",
        "subfields": [
          {
            "a": "Election districts."
          },
          {
            "2": "fast"
          },
          {
            "0": "(OCoLC)fst00904291"
          }
        ]
      }
    },
    {
      "650": {
        "ind1": "\\",
        "ind2": "7",
        "subfields": [
          {
            "a": "Minorities"
          },
          {
            "x": "Civil rights."
          },
          {
            "2": "fast"
          },
          {
            "0": "(OCoLC)fst01023098"
          }
        ]
      }
    },
    {
      "650": {
        "ind1": "\\",
        "ind2": "7",
        "subfields": [
          {
            "a": "Minorities"
          },
          {
            "x": "Suffrage."
          },
          {
            "2": "fast"
          },
          {
            "0": "(OCoLC)fst01023247"
          }
        ]
      }
    },
    {
      "650": {
        "ind1": "\\",
        "ind2": "7",
        "subfields": [
          {
            "a": "Representative government and representation."
          },
          {
            "2": "fast"
          },
          {
            "0": "(OCoLC)fst01094941"
          }
        ]
      }
    },
    {
      "651": {
        "ind1": "\\",
        "ind2": "7",
        "subfields": [
          {
            "a": "United States."
          },
          {
            "2": "fast"
          },
          {
            "0": "(OCoLC)fst01204155"
          }
        ]
      }
    },
    {
      "700": {
        "ind1": "1",
        "ind2": "\\",
        "subfields": [
          {
            "a": "Davidson, Chandler."
          }
        ]
      }
    },
    {
      "710": {
        "ind1": "2",
        "ind2": "\\",
        "subfields": [
          {
            "a": "Joint Center for Political Studies (U.S.)"
          }
        ]
      }
    },
    {
      "776": {
        "ind1": "0",
        "ind2": "8",
        "subfields": [
          {
            "i": "Online version:"
          },
          {
            "t": "Minority vote dilution."
          },
          {
            "d": "Washington, D.C. : Howard University Press, 1984"
          },
          {
            "w": "(OCoLC)557853381"
          }
        ]
      }
    },
    {
      "994": {
        "ind1": "\\",
        "ind2": "\\",
        "subfields": [
          {
            "a": "Z0"
          },
          {
            "b": "NYRVC"
          }
        ]
      }
    },
    {
      "948": {
        "ind1": "\\",
        "ind2": "\\",
        "subfields": [
          {
            "h": "NO HOLDINGS IN NYRVC - 597 OTHER HOLDINGS"
          }
        ]
      }
    },
    {
      "999": {
        "ind1": "\\",
        "ind2": "\\",
        "subfields": [
          {
            "a": "00000000018752"
          }
        ]
      }
    }
  ]
}